%% This BibTeX bibliography file was created using BibDesk.
%% http://bibdesk.sourceforge.net/

%% Created for Flavius Gruian at 2013-02-14 14:42:05 +0100 
%% Saved with string encoding Unicode (UTF-8) 


@book{Sauer,
	Author = {Timothy Sauer},
	Title = {{Numerical Analysis}},
	Edition = {2nd},
	Publisher = {Pearson},
	Year = {2012}}

@book{Wien_Coding_Tools,
	Author = {Mathias Wien},
	Title = {{High Efficiency Video Coding}},
	Subtitle = {Coding Tools and Specification},
	Publisher = {Springer},
	Year = {2015}}

@article{Vetro,
	Author = {Anthony Vetro and Charilaos Christopoulos and Huifang Sun},
	Title = {{Video Transcoding Architechtures and Techniques: An Overview}},
	Journal = {IEEE Signal Processing Magazine},
	Year = {March 2003}}
	% vol. 20, no. 2, pp 18-29

@article{Sullivan,
	Author = {Gary J. Sullivan and Thomas Wiegand},
	Title = {Rate-Distortion Optimization for Video Compression},
	Journal = {IEEE Signal Processing Magazine},
	Month = {Nov},
	Year = {1998}}

@conference{Bjontegaard,
	Author = {Gisle Bjøntegaard},
	Title = {Calculation of average PSNR differences between RD curves},
	Address = {Austin, TX, USA},
	Month = {Apr},
	Year = {2001},
	Booktitle = {ITU-T SG 16 WP 3, doc. VCEG-M33}}

@conference{Van_Wallendael,
	Author = {Glenn Van Wallendael and Jan De Cock and Rik Van de Walle},
	Title = {{Fast Transcoding For Video Delivery by Means of a Control Stream}},
	Organization = {Ghent University – IBBT, ELIS Department - Multimedia Lab},
	Booktitle = {19th IEEE International Conference on Image Processing (ICIP 2012)},
	Year = {2012}}

@conference{Wiegand,
	Author = {Heiko Schwarz and Detlev Marpe and Thomas Wiegand},
	Title = {Hierarchical B pictures},
	Month = {Jul},
	Year = {2005},
	Booktitle = {JVT-P014},
	Address = {Poznan, Poland}}

@techreport{Vcodex_Video_Coding_Walk_Through,
	Author = {Iain Richardson},
	Title = {{Video Coding Walk-Through}},
	Institution = {Vcodex},
	Url = {http://www.vcodex.com/images/uploaded/270133641033545.pdf},
	Year = {2013}}
	%Title = {{White Paper: Video Coding Walk-Through}},

@unpublished{Flierl,
	Author = {Markus Flierl},
	Year = {2015},
	Title = {{Image and Video Processing, KTH EQ2330}},
	Note = {Lecture slides}}

@unpublished{Rusert,
	Author = {Thomas Rusert and Kenneth Andersson and Ruoyang Yu and Harald Nordgren},
	Title = {{Guided Just-in-Time Transcoding for Cloud-Based Video Platforms}},
	Year = {2016},
	Month = {Jan},
	Note = {Submitted to ICIP 2016}}

@misc{Vcodex_Introduction_to_Video_Coding,
	Author = {Iain Richardson},
	Date-Added = {2016-02-24},
	Date-Modified = {2016-02-24},
	Title = {{Introduction to Video Coding}},
	Organization = {Vcodex},
	Url = {https://www.youtube.com/watch?v=gxefuXizO04}}

@misc{Vcodex_HEVC_Walkthrough,
	Author = {Iain Richardson},
	Title = {{HEVC Walkthrough}},
	Url = {https://www.youtube.com/watch?v=YJliCvZaSNo},
	Year = {2013},
	Month = {Jun}}

@misc{Vcodex_HEVC_introduction,
	Author = {Iain Richardson},
	Title = {{HEVC: An Introduction to High Efficiency Video Coding}},
	Url = {http://www.vcodex.com/images/uploaded/342512928230717.pdf}}

@masterthesis{johan,
	Author = {Johan Bartelmess},
	Title = {{Video Compression -- Evaluation of Picture Coding Structures in HEVC for Improved Compression Efficiency}},
	Institution = {Uppsala University},
	Year = {2016}}z